%%%%%%%%%%%%%%%%%%%%%
% References
%%%%%%%%%%%%%%%%%%%%%
@book{L'Annunziata,
   author={L'Annunziata, M.F.},  
   title={Radioactivity: Introduction and History: Introduction and History},
   isbn={9780080548883},
     year={2007},
   publisher={Elsevier Science}
}


@ARTICLE{Pontecorvo,
   author = {Pontecorvo, B.},
    title = "{Neutrino Experiments and the Problem of Conservation of Leptonic Charge}",
  journal = {Soviet Journal of Experimental and Theoretical Physics},
     year = 1968,
    month = may,
   volume = 26,
    pages = {984},
   adsurl = {http://adsabs.harvard.edu/abs/1968JETP...26..984P},
  adsnote = {Provided by the SAO/NASA Astrophysics Data System}
}


@article{Elliot,
  title = {\textit{Colloquium}  : Majorana fermions in nuclear, particle, and solid-state physics},
  author = {Elliott, Steven R. and Franz, Marcel},
  journal = {Rev. Mod. Phys.},
  volume = {87},
  issue = {1},
  pages = {137--163},
  numpages = {27},
  year = {2015},
  month = {Feb},
  publisher = {American Physical Society},
  doi = {10.1103/RevModPhys.87.137},
  url = {http://link.aps.org/doi/10.1103/RevModPhys.87.137}
}

@book{Peskin,
  title={An Introduction to Quantum Field Theory},
  author={Peskin, M.E. and Schroeder, D.V.},
  isbn={9780201503975},
  lccn={89027170},
  series={Advanced book classics},
  url={http://books.google.co.uk/books?id=i35LALN0GosC},
  year={1995},
  publisher={Addison-Wesley Publishing Company}
}

@article{Minkowski,
title = "mu to egamma at a rate of one out of 109 muon decays? ",
journal = "Physics Letters B ",
volume = "67",
number = "4",
pages = "421 - 428",
year = "1977",
note = "",
issn = "0370-2693",
doi = "http://dx.doi.org/10.1016/0370-2693(77)90435-X",
url = "http://www.sciencedirect.com/science/article/pii/037026937790435X",
author = "Peter Minkowski",
}

@article{Mohapatra,
      author         = "Mohapatra, Rabindra N. and Senjanovic, Goran",
      title          = "{Neutrino Mass and Spontaneous Parity Violation}",
      journal        = "Phys.Rev.Lett.",
      volume         = "44",
      pages          = "912",
      doi            = "10.1103/PhysRevLett.44.912",
      year           = "1980",
      reportNumber   = "MDDP-TR-80-060, MDDP-PP-80-105, CCNY-HEP-79-10",
      SLACcitation   = "%%CITATION = PRLTA,44,912;%%",
}

@article{Mayer,
  title = {Double Beta-Disintegration},
  author = {Goeppert-Mayer, M.},
  journal = {Phys. Rev.},
  volume = {48},
  issue = {6},
  pages = {512--516},
  numpages = {0},
  year = {1935},
  month = {Sep},
  publisher = {American Physical Society},
  doi = {10.1103/PhysRev.48.512},
  url = {http://link.aps.org/doi/10.1103/PhysRev.48.512}
}

@article{Majorana,
title={Teoria simmetrica dell’elettrone e del positrone},
year={1937},
issn={0029-6341},
journal={Il Nuovo Cimento},
volume={14},
number={4},
doi={10.1007/BF02961314},
url={http://dx.doi.org/10.1007/BF02961314},
publisher={Società Italiana di Fisica},
author={Majorana, Ettore},
pages={171-184},
}

@inproceedings{Freemanpres,
    author  = "Freeman, S.",
    title   = "A Nuclear Physics Perspective on Double Beta Decay",
    publisher = "Presented at the annual IOP conference in Manchester",
    year    = 2015
}

@article{McAllister,
title = "The Neutrinoless double beta decay candidates 128Te and 130T: single-particle and ground-state pairing characteristics",
journal = "Masters Thesis",
volume = "University of Manchester",
year = "2010",
note = "",
author = "Sean McAllister",
}

@article{Avignone,
  title = {Double beta decay, Majorana neutrinos, and neutrino mass},
  author = {Avignone, Frank T. and Elliott, Steven R. and Engel, Jonathan},
  journal = {Rev. Mod. Phys.},
  volume = {80},
  issue = {2},
  pages = {481--516},
  numpages = {0},
  year = {2008},
  month = {Apr},
  publisher = {American Physical Society},
  doi = {10.1103/RevModPhys.80.481},
  url = {http://link.aps.org/doi/10.1103/RevModPhys.80.481}
}

@article{BCS,
  title = {Theory of Superconductivity},
  author = {Bardeen, J. and Cooper, L. N. and Schrieffer, J. R.},
  journal = {Phys. Rev.},
  volume = {108},
  issue = {5},
  pages = {1175--1204},
  numpages = {0},
  year = {1957},
  month = {Dec},
  publisher = {American Physical Society},
  doi = {10.1103/PhysRev.108.1175},
  url = {http://link.aps.org/doi/10.1103/PhysRev.108.1175}
}

@article{Vogel,
      author         = "Vogel, Petr",
      title          = "{Nuclear structure and double beta decay}",
      journal        = "J.Phys.",
      volume         = "G39",
      pages          = "124002",
      doi            = "10.1088/0954-3899/39/12/124002",
      year           = "2012",
      eprint         = "1208.1992",
      archivePrefix  = "arXiv",
      primaryClass   = "nucl-th",
     }

@article{MayerShell,
  title = {On Closed Shells in Nuclei. II},
  author = {Mayer, Maria Goeppert},
  journal = {Phys. Rev.},
  volume = {75},
  issue = {12},
  pages = {1969--1970},
  numpages = {0},
  year = {1949},
  month = {Jun},
  publisher = {American Physical Society},
  doi = {10.1103/PhysRev.75.1969},
  url = {http://link.aps.org/doi/10.1103/PhysRev.75.1969}
}


@book{Krane,
  title={Introductory Nuclear Physics},
  author={Krane, K.S.},
  isbn={9780471805533},
  lccn={87010623},
  url={http://books.google.co.uk/books?id=ConwAAAAMAAJ},
  year={1987},
  publisher={Wiley}
}

@book{Heyde,
  title={Basic Ideas and Concepts in Nuclear Physics: An Introductory Approach, Third Edition},
  author={Heyde, K.},
  isbn={9781420054941},
  series={Series in fundamental and applied nuclear physics},
  url={http://books.google.co.uk/books?id=rBix3oP6ctcC},
  year={2004},
  publisher={CRC Press}
}

@article{Sharp,
  title={Trends in single-particle energies in N= 51 nuclei},
  author={Sharp, David K.},
  year={2012},
  publisher={The University of Manchester, Manchester, UK}
}

@article{Aalseth,
      author         = "Aalseth, C.E. and Avignone, F.T., III and Barabash, A.
                        and Boehm, F. and Brodzinski, R.L. and others",
      title          = "{Comment on `Evidence for neutrinoless double beta
                        decay'}",
      journal        = "Mod.Phys.Lett.",
      volume         = "A17",
      pages          = "1475-1478",
      doi            = "10.1142/S0217732302007715",
      year           = "2002",
      eprint         = "hep-ex/0202018",
      archivePrefix  = "arXiv",
      primaryClass   = "hep-ex",
      SLACcitation   = "%%CITATION = HEP-EX/0202018;%%",
}

@article{Rodejohann,
      author         = "Rodejohann, Werner",
      title          = "{Neutrino-less Double Beta Decay and Particle Physics}",
      journal        = "Int.J.Mod.Phys.",
      volume         = "E20",
      pages          = "1833-1930",
      doi            = "10.1142/S0218301311020186",
      year           = "2011",
      eprint         = "1106.1334",
      archivePrefix  = "arXiv",
      primaryClass   = "hep-ph",
      SLACcitation   = "%%CITATION = ARXIV:1106.1334;%%",
}

@article{Yao,
  title = {Systematic study of nuclear matrix elements in neutrinoless double-beta decay with a beyond-mean-field covariant density functional theory},
  author = {Yao, J. M. and Song, L. S. and Hagino, K. and Ring, P. and Meng, J.},
  journal = {Phys. Rev. C},
  volume = {91},
  issue = {2},
  pages = {024316},
  numpages = {8},
  year = {2015},
  month = {Feb},
  publisher = {American Physical Society},
  doi = {10.1103/PhysRevC.91.024316},
  url = {http://link.aps.org/doi/10.1103/PhysRevC.91.024316}
}

@inproceedings{Mizusaki,
    author  = "Mizusaki, S.",
    title   = "Shell model calculation - from basics to the latest methods",
    publisher = "Senshu university",
    year    = 2013
}

@book{Casten,
  title={Nuclear Structure from a Simple Perspective},
  author={Casten, R.},
  isbn={9780198507246},
  lccn={2001272416},
  series={Oxford science publications},
  url={http://books.google.co.uk/books?id=WgKTQoX13MUC},
  year={2000},
  publisher={Oxford University Press}
}

@book{Firestone,
  title={Table of isotopes},
  author={Richard B. Firestone and Coral M. Baglin and Chu, S.Y.F.},
  number={v. 4},
  isbn={9780471356332},
  lccn={95464389},
  url={http://books.google.co.uk/books?id=W4JUAAAAMAAJ},
  year={1999},
  publisher={Wiley}
}

@article{Tzanka,
  title={Gamma-ray spectroscopy of deformed states in light nuclei and cluster emission},
  author={Tzanka, Koklaova},
  year={2004},
  publisher={Fachbereich Physik, Freie Universitat Berlin, Germany}
}

@article{Nilsson,
      author         = "Nilsson, S.G.",
      title          = "{Binding states of individual nucleons in strongly
                        deformed nuclei}",
      journal        = "Phys.Rev.",
      volume         = "99",
      pages          = "1615-1617",
      doi            = "10.1103/PhysRev.99.1615",
      year           = "1955",
      reportNumber   = "CERN-55-30",
}

@article{Hamilton,
      author         = "Hamilton, J.H. and Hofmann, S. and Oganessian, Y.T.",
      title          = "{The importance of closed shell structures in the
                        synthesis of super heavy elements}",
      journal        = "J.Phys.Conf.Ser.",
      number         = "1",
      volume         = "580",
      pages          = "012019",
      doi            = "10.1088/1742-6596/580/1/012019",
      year           = "2015",
      SLACcitation   = "%%CITATION = 00462,580,012019;%%",
}

@book{Satchler,
  title={Introduction to Nuclear Reactions},
  author={Satchler, G.R.},
  isbn={9780195208429},
  lccn={90007560},
  url={http://books.google.co.uk/books?id=iDy3QgAACAAJ},
  year={1990},
  publisher={Oxford University Press}
}

@book{Danielewicz,
  title={Introduction to Nuclear Reactions},
  author={Bertulani, C.A. and Danielewicz, P.},
  isbn={9780750309325},
  lccn={2007299810},
  series={Graduate Student Series in Physics},
  url={http://books.google.co.uk/books?id=jLDa907hcDAC},
  year={2004},
  publisher={Taylor and Francis}
}

@book{Glendenning,
  title={Direct nuclear reactions},
  author={Glendenning, N.K.},
  isbn={9780122863202},
  lccn={lc82024365},
  url={http://books.google.co.uk/books?id=viRRAAAAMAAJ},
  year={1983},
  publisher={Academic Press}
}

@unpublished{Ptolemy,
	author	= {Macfarlane, M.H. and Pieper, S.C},
	title	= {Ptolemy - A program for heavy-ion direct-reaction calculations}},
      journal   = {Argonne National Laboratory},
	%year	= "",
	%month	= "",
	note	= {Unpublished}
}

@article{Carlson,
  title={Optical model Calculations with the code ECIS95},
  author={Carlson, BV},
  year={2001}
}

@article{AlanHoward,
  title={Trends in neutron single-particle energies below N=82},
  author={Howard, Alan M.},
  year={2012},
  publisher={The University of Manchester, Manchester, UK}
}

@article{Koning,
title = "Local and global nucleon optical models from 1 keV to 200 MeV ",
journal = "Nuclear Physics A ",
volume = "713",
number = "3–4",
pages = "231 - 310",
year = "2003",
note = "",
issn = "0375-9474",
doi = "http://dx.doi.org/10.1016/S0375-9474(02)01321-0",
url = "http://www.sciencedirect.com/science/article/pii/S0375947402013210",
author = "A.J. Koning and J.P. Delaroche"
}

@article{AnCai,
  title = {Global deuteron optical model potential for the energy range up to 183 MeV},
  author = {An, Haixia and Cai, Chonghai},
  journal = {Phys. Rev. C},
  volume = {73},
  issue = {5},
  pages = {054605},
  numpages = {9},
  year = {2006},
  month = {May},
  publisher = {American Physical Society},
  doi = {10.1103/PhysRevC.73.054605},
  url = {http://link.aps.org/doi/10.1103/PhysRevC.73.054605}
}

@article{MacFarlane,
  title = {Stripping Reactions and the Structure of Light and Intermediate Nuclei},
  author = {Macfarlane, M. H. and French, J. B.},
  journal = {Rev. Mod. Phys.},
  volume = {32},
  issue = {3},
  pages = {567--691},
  numpages = {0},
  year = {1960},
  month = {Jul},
  publisher = {American Physical Society},
  doi = {10.1103/RevModPhys.32.567},
  url = {http://link.aps.org/doi/10.1103/RevModPhys.32.567}
}

@incollection{Elbek,
year={1969},
isbn={978-1-4757-9020-7},
booktitle={Advances in Nuclear Physics},
series={Advances in Nuclear Physics},
editor={Baranger, Michel and Vogt, Erich},
doi={10.1007/978-1-4757-9018-4_4},
title={Single Nucleon Transfer in Deformed Nuclei},
url={http://dx.doi.org/10.1007/978-1-4757-9018-4_4},
publisher={Springer US},
author={Elbek, Bent and Tjøm, PerOlav},
pages={259-323},
language={English}
}

@book{FreemanThesis,
  title={The Single-particle Basis of the Isovector M1 Mode in Rare-earth Nuclei},
  author={Freeman, S.J. and University of Manchester. Department of Physics and Astronomy},
  url={http://books.google.co.uk/books?id=oI\_4cQAACAAJ},
  year={1990},
  publisher={University of Manchester}
}

@article{Hertenberger,
title = "The Stern–Gerlach polarized ion source for the Munich MP-tandem laboratory, a bright source for unpolarized hydrogen and helium ion beams as well ",
journal = "Nuclear Instruments and Methods in Physics Research Section A: Accelerators, Spectrometers, Detectors and Associated Equipment ",
volume = "536",
number = "3",
pages = "266 - 272",
year = "2005",
note = "Polarized Sources and Targets for the 21st Century. Proceedings of the 10th International Workshop on Polarized Sources and Targets ",
issn = "0168-9002",
doi = "http://dx.doi.org/10.1016/j.nima.2004.08.083",
url = "http://www.sciencedirect.com/science/article/pii/S0168900204019734",
author = "R. Hertenberger and A. Metz and Y. Eisermann and K. El Abiary and A. Ludewig and C. Pertl and S. Trieb and H.-F. Wirth and P. Schiemenz and G. Graw",
}

@article{Wiedner,
title = "Performance of a \{QDDD\} spectrograph ",
journal = "Nuclear Instruments and Methods ",
volume = "105",
number = "2",
pages = "205 - 210",
year = "1972",
note = "",
issn = "0029-554X",
doi = "http://dx.doi.org/10.1016/0029-554X(72)90559-9",
url = "http://www.sciencedirect.com/science/article/pii/0029554X72905599",
author = "C.A. Wiedner and M. Goldschmidt and D. Rieck and H.A. Enge and S.B. Kowalski"
}

@article{Goldschmidt,
  title = {Performance of the first QDDD spectrograph},
  author = {Goldschmidt M. and Rieck D. and Wiedner C.A.},
  year={1979},
  publisher={Max Planck Institut fur Kernphysik, Heidelberg, Germany}
}

@article{correlation,
  title = {Nucleon binding corrections to lepton-nucleus deep inelastic scattering: Use of a realistic spectral function},
  author = {Dieperink, A. E. L. and Miller, G. A.},
  journal = {Phys. Rev. C},
  volume = {44},
  issue = {2},
  pages = {866--869},
  numpages = {0},
  year = {1991},
  month = {Aug},
  publisher = {American Physical Society},
  doi = {10.1103/PhysRevC.44.866},
  url = {http://link.aps.org/doi/10.1103/PhysRevC.44.866}
}
@article{Sharp,
title = "Trends in single-particle energies in N=51 nuclei",
journal = "PhD Thesis",
volume = "University of Manchester",
year = "2012",
note = "",
author = "Sharp, D.K.",
}

