%%%%%%%%%%%%%%%%%%%%%
% References
%%%%%%%%%%%%%%%%%%%%%
@book{manchesterparticle,
   author={Martin, B.R. and Shaw, G.},  
   title={Particle Physics},
   isbn={9780470032930},
     year={2008},
   publisher={John Wiley and Sons Ltd}
}
@article{homestake,
  title = {Search for Neutrinos from the Sun},
  author = {Davis, Raymond and Harmer, Don S. and Hoffman, Kenneth C.},
  journal = {Phys. Rev. Lett.},
  volume = {20},
  issue = {21},
  pages = {1205--1209},
  numpages = {0},
  year = {1968},
  month = {May},
  publisher = {American Physical Society},
  doi = {10.1103/PhysRevLett.20.1205},
  url = {https://link.aps.org/doi/10.1103/PhysRevLett.20.1205}
}

@article{solarneutrinoproblem,
  title = {Standard solar models and the uncertainties in predicted capture rates of solar neutrinos},
  author = {Bahcall, John N. and Huebner, Walter F. and Lubow, Stephen H. and Parker, Peter D. and Ulrich, Roger K.},
  journal = {Rev. Mod. Phys.},
  volume = {54},
  issue = {3},
  pages = {767--799},
  numpages = {0},
  year = {1982},
  month = {Jul},
  publisher = {American Physical Society},
  doi = {10.1103/RevModPhys.54.767},
  url = {https://link.aps.org/doi/10.1103/RevModPhys.54.767}
}

@article{superkamiokande,
  title = {Evidence for Oscillation of Atmospheric Neutrinos},
  author = {{Super-Kamiokande Collaboration}},
  collaboration = {Super-Kamiokande Collaboration},
  journal = {Phys. Rev. Lett.},
  volume = {81},
  issue = {8},
  pages = {1562--1567},
  numpages = {0},
  year = {1998},
  month = {Aug},
  publisher = {American Physical Society},
  doi = {10.1103/PhysRevLett.81.1562},
  url = {https://link.aps.org/doi/10.1103/PhysRevLett.81.1562}
}
@article{sudbury,
  title = {Direct Evidence for Neutrino Flavor Transformation from Neutral-Current Interactions in the Sudbury Neutrino Observatory},
  author = {{SNO Collaboration}},
  authortype = {SNO Collaboration},
  journal = {Phys. Rev. Lett.},
  volume = {89},
  issue = {1},
  pages = {011301},
  numpages = {6},
  year = {2002},
  month = {Jun},
  publisher = {American Physical Society},
  doi = {10.1103/PhysRevLett.89.011301},
  url = {https://link.aps.org/doi/10.1103/PhysRevLett.89.011301}
}
@Article{majorana,
author="Majorana, Ettore",
title="Teoria simmetrica dell'elettrone e del positrone",
journal="Il Nuovo Cimento (1924-1942)",
year="2008",
month="Sep",
day="21",
volume="14",
number="4",
pages="171",
abstract="Si dimostra la possibilit{\`a} di pervenire a una piena simmetrizzazione formale della teoria quantistica dell'elettrone e del positrone facendo uso di un nuovo processo di quantizzazione. Il significato delle equazioni diDiracne risulta alquanto modificato e non vi {\`e} pi{\`u} luogo a parlare di stati di energia negativa; n{\`e} a presumere per ogni altro tipo di particelle, partieolarmente neutre, l'esistenza di « antiparticelle » corrispondenti ai « vuoti » cut energia negativa.",
issn="1827-6121",
doi="10.1007/BF02961314",
url="https://doi.org/10.1007/BF02961314"
}
@book{krane,
author        = "Krane, Kenneth S",
title         = "{Introductory nuclear physics}",
publisher     = "Wiley",
address       = "New York, NY",
year          = "1988",
url           = "https://cds.cern.ch/record/359790",
}
@article{cuore,
title = "CUORE: a cryogenic underground observatory for rare events",
journal = "Nuclear Instruments and Methods in Physics Research Section A: Accelerators, Spectrometers, Detectors and Associated Equipment",
volume = "518",
number = "3",
pages = "775 - 798",
year = "2004",
issn = "0168-9002",
doi = "https://doi.org/10.1016/j.nima.2003.07.067",
url = "http://www.sciencedirect.com/science/article/pii/S0168900203023374",
author = "{{CUORE Collaboration}}",
keywords = "Underground detectors, Double-beta decay, Dark Matter, WIMPs, Axions"
}
@ARTICLE{exo,
   author = {{The Exo-200 Collaboration} and {Albert}, J.~B. and others},
    title = "{Search for Majorana neutrinos with the first two years of EXO-200 data}",
  journal = {Nature},
archivePrefix = "arXiv",
   eprint = {1402.6956},
 primaryClass = "nucl-ex",
     year = 2014,
    month = jun,
   volume = 510,
    pages = {229-234},
      doi = {10.1038/nature13432},
   adsurl = {http://adsabs.harvard.edu/abs/2014Natur.510..229T},
  adsnote = {Provided by the SAO/NASA Astrophysics Data System}
}
@ARTICLE{gerda,
   author = {{GERDA Collaboration} and {Agostini}, M. and others},
    title = "{Background-free search for neutrinoless double-{$\beta$} decay of $^{76}$Ge with GERDA}",
  journal = {Nature},
archivePrefix = "arXiv",
   eprint = {1703.00570},
 primaryClass = "nucl-ex",
     year = 2017,
    month = apr,
   volume = 544,
    pages = {47-52},
      doi = {10.1038/nature21717},
   adsurl = {http://adsabs.harvard.edu/abs/2017Natur.544...47A},
  adsnote = {Provided by the SAO/NASA Astrophysics Data System}
}
@article{kamlandzen,
  title = {Search for Majorana Neutrinos Near the Inverted Mass Hierarchy Region with KamLAND-Zen},
  author = {{KamLAND-Zen Collaboration} and Gando, A. and Gando, Y. and Hachiya, T. and Hayashi, A. and Hayashida, S. and Ikeda, H. and Inoue, K. and Ishidoshiro, K. and Karino, Y. and Koga and others},
  collaboration = {KamLAND-Zen Collaboration},
  journal = {Phys. Rev. Lett.},
  volume = {117},
  issue = {8},
  pages = {082503},
  numpages = {6},
  year = {2016},
  month = {Aug},
  publisher = {American Physical Society},
  doi = {10.1103/PhysRevLett.117.082503},
  url = {https://link.aps.org/doi/10.1103/PhysRevLett.117.082503}
}
@article{majoranaexpt,
  author={{Majorana Collaboration} and W Xu and others},
  title={The Majorana Demonstrator: A Search for Neutrinoless Double-beta Decay of 76 Ge},
  journal={Journal of Physics: Conference Series},
  volume={606},
  number={1},
  pages={012004},
  url={http://stacks.iop.org/1742-6596/606/i=1/a=012004},
  year={2015},
}
@article{xmass,
title = "XMASS detector",
journal = "Nuclear Instruments and Methods in Physics Research Section A: Accelerators, Spectrometers, Detectors and Associated Equipment",
volume = "716",
pages = "78 - 85",
year = "2013",
issn = "0168-9002",
doi = "https://doi.org/10.1016/j.nima.2013.03.059",
url = "http://www.sciencedirect.com/science/article/pii/S0168900213003690",
author = "K. Abe and K. Hieda and K. Hiraide and S. Hirano and Y. Kishimoto and K. Kobayashi and S. Moriyama and K. Nakagawa and M. Nakahata and H. Nishiie and others"
}
@article{cobra,
  author={J R Wilson},
  title={The COBRA experiment},
  journal={Journal of Physics: Conference Series},
  volume={120},
  number={5},
  pages={052048},
  url={http://stacks.iop.org/1742-6596/120/i=5/a=052048},
  year={2008},
  abstract={The COBRA experiment aims to use a large array of CdZnTe semiconductor detectors to search for neutrinoless double beta decay. The COBRA collaboration are currently operating a small proto-type array of crystals in a low-background environment. This paper presents the current status of the experiment, results from current and previous proto-types and future prospects for COBRA.}
}
@article{mbetabeta,
  title = {Neutrino mass spectrum and neutrinoless double beta decay},
  author = {Klapdor-Kleingrothaus, H. V. and P\"as, H. and Smirnov, A. Yu.},
  journal = {Phys. Rev. D},
  volume = {63},
  issue = {7},
  pages = {073005},
  numpages = {24},
  year = {2001},
  month = {Mar},
  publisher = {American Physical Society},
  doi = {10.1103/PhysRevD.63.073005},
  url = {https://link.aps.org/doi/10.1103/PhysRevD.63.073005}
}
@article{phasespace,
  title = {Phase-space factors for double-$\ensuremath{\beta}$ decay},
  author = {Kotila, J. and Iachello, F.},
  journal = {Phys. Rev. C},
  volume = {85},
  issue = {3},
  pages = {034316},
  numpages = {13},
  year = {2012},
  month = {Mar},
  publisher = {American Physical Society},
  doi = {10.1103/PhysRevC.85.034316},
  url = {https://link.aps.org/doi/10.1103/PhysRevC.85.034316}
}
@book{atomicshell,
  author = {Sharma, S.},
  title={Atomic And Nuclear Physics},
  isbn={9788131719244},
  url={https://books.google.co.uk/books?id=iieIWtTo7iYC},
  year={2008},
  publisher={Pearson Education}
}
@article{mayer,
  title = {Nuclear Configurations in the Spin-Orbit Coupling Model. I. Empirical Evidence},
  author = {Mayer, Maria Goeppert},
  journal = {Phys. Rev.},
  volume = {78},
  issue = {1},
  pages = {16--21},
  numpages = {0},
  year = {1950},
  month = {Apr},
  publisher = {American Physical Society},
  doi = {10.1103/PhysRev.78.16},
  url = {https://link.aps.org/doi/10.1103/PhysRev.78.16}
}
@book{shellmodelmagic,
  title={Theory of the nuclear shell model},
  author={Lawson, RD and Lawson, RD},
  year={1980},
  publisher={Clarendon Press Oxford}
}
@article{latticeqcd,
  title={Nuclear physics from lattice QCD},
  author={Savage, Martin J},
  journal={Progress in Particle and Nuclear Physics},
  volume={67},
  number={2},
  pages={140--152},
  year={2012},
  publisher={Elsevier}
}
@article{hartreefock,
  title={A simplification of the Hartree-Fock method},
  author={Slater, John C},
  journal={Physical Review},
  volume={81},
  number={3},
  pages={385},
  year={1951},
  publisher={APS}
}
@article{woodssaxon,
  title = {Diffuse Surface Optical Model for Nucleon-Nuclei Scattering},
  author = {Woods, Roger D. and Saxon, David S.},
  journal = {Phys. Rev.},
  volume = {95},
  issue = {2},
  pages = {577--578},
  numpages = {0},
  year = {1954},
  month = {Jul},
  publisher = {American Physical Society},
  doi = {10.1103/PhysRev.95.577},
  url = {https://link.aps.org/doi/10.1103/PhysRev.95.577}
}
@article{jensen,
  title={On the" magic numbers" in nuclear structure},
  author={Haxel, Otto and Jensen, J Hans D and Suess, Hans E},
  journal={Physical Review},
  volume={75},
  number={11},
  pages={1766},
  year={1949},
  publisher={APS}
}
@article{sharp,
title = "Trends in single-particle energies in N=51 nuclei",
journal = "PhD Thesis",
volume = "University of Manchester",
year = "2012",
note = "",
author = "Sharp, D.K.",
}
@book{satchler,
  title={Direct nuclear reactions},
  author={Satchler, G.R.},
  year={1983},
  publisher={Clarendon Press Oxford}
}
@book{glendenning,
  title={Direct Nuclear Reactions},
  author={Glendenning, N.K.},
  year={1983},
  publisher={Academic Press USA}
}
@article{ancai,
  title={Global deuteron optical model potential for the energy range up to 183 MeV},
  author={An, Haixia and Cai, Chonghai},
  journal={Physical Review C},
  volume={73},
  number={5},
  pages={054605},
  year={2006},
  publisher={APS}
}
@article{koningdelaroche,
  title={Local and global nucleon optical models from 1 keV to 200 MeV},
  author={Koning, AJ and Delaroche, JP},
  journal={Nuclear Physics A},
  volume={713},
  number={3-4},
  pages={231--310},
  year={2003},
  publisher={Elsevier}
}
@article{macfarlanefrench,
  title={Stripping reactions and the structure of light and intermediate nuclei},
  author={Macfarlane, Malcolm H and French, James Bruce},
  journal={Reviews of Modern Physics},
  volume={32},
  number={3},
  pages={567},
  year={1960},
  publisher={APS}
}
@article{sterngerlach,
  title={The Stern--Gerlach polarized ion source for the Munich MP-tandem laboratory, a bright source for unpolarized hydrogen and helium ion beams as well},
  author={Hertenberger, R and Metz, A and Eisermann, Y and El Abiary, K and Ludewig, A and Pertl, C and Trieb, S and Wirth, H-F and Schiemenz, P and Graw, G},
  journal={Nuclear Instruments and Methods in Physics Research Section A: Accelerators, Spectrometers, Detectors and Associated Equipment},
  volume={536},
  number={3},
  pages={266--272},
  year={2005},
  publisher={Elsevier}
}
@article{highvoltage,
title = "High voltage tests with the MP-Tandem at Munich",
journal = "Nuclear Instruments and Methods",
volume = "137",
number = "1",
pages = "19 - 21",
year = "1976",
issn = "0029-554X",
doi = "https://doi.org/10.1016/0029-554X(76)90243-3",
url = "http://www.sciencedirect.com/science/article/pii/0029554X76902433",
author = "W. Assmann and H. Münzer and L. Rohrer and S.J. Skorka"
}
@ARTICLE{dollingerfaestermann,
   author = {{Dollinger}, G. and {Faestermann}, T.},
    title = "{Physics at the Munich Tandem Accelerator Laboratory}",
  journal = {ArXiv e-prints},
archivePrefix = "arXiv",
   eprint = {1802.07057},
 primaryClass = "nucl-ex",
 keywords = {Nuclear Experiment},
     year = 2018,
    month = feb,
   adsurl = {http://adsabs.harvard.edu/abs/2018arXiv180207057D},
  adsnote = {Provided by the SAO/NASA Astrophysics Data System}
}
@article{bic,
  title={A combined current indicator and integrator},
  author={Higinbotham, William A and Rankowitz, S},
  journal={Review of Scientific Instruments},
  volume={22},
  number={9},
  pages={688--690},
  year={1951},
  publisher={AIP}
}
@article{stuart,
title = "Transfer reaction studies of medium mass nuclei - single-particle occupancies and neutrinoless double beta decay ",
journal = "PhD Thesis",
volume = "University of Manchester",
year = "2017",
note = "",
author = "Szwec, S.V.",
}
@article{scheerer,
  title={The multipole element of the Q3D spectrograph for correction of the kinematic broadening},
  author={Scheerer, HJ and Vonach, H and L{\"o}ffler, M and Decken, Avd and Goldschmidt, M and Wiedner, CA and Enge, HA},
  journal={Nuclear Instruments and Methods},
  volume={136},
  number={2},
  pages={213--224},
  year={1976},
  publisher={Elsevier}
}
@article{gillespie,
title = "Indirect studies of astrophysical reaction rates through transfer reactions",
journal = "PhD Thesis",
volume = "University of York",
year = "2016",
note = "",
author = "Gillespie, S.",
}
@book{mllreport,
  title={Maier-Leibnitz-Laboratorium Annual Report},
  author={Wirth, H.F.},
  year={2000},
  publisher={page 71}
}
@article{rutherford,
  title={LXXIX. The scattering of $\alpha$ and $\beta$ particles by matter and the structure of the atom},
  author={Rutherford, Ernest},
  journal={The London, Edinburgh, and Dublin Philosophical Magazine and Journal of Science},
  volume={21},
  number={125},
  pages={669--688},
  year={1911},
  publisher={Taylor \& Francis}
}
@article{rutherfordformula,
  title={The effects of scatter in a proton recoil telescope},
  author={Ryves, TB},
  journal={Nuclear Instruments and Methods in Physics Research Section A: Accelerators, Spectrometers, Detectors and Associated Equipment},
  volume={240},
  number={2},
  pages={379--382},
  year={1985},
  publisher={Elsevier}
}
@article{root,
  title={ROOT—an object oriented data analysis framework},
  author={Brun, Rene and Rademakers, Fons},
  journal={Nuclear Instruments and Methods in Physics Research Section A: Accelerators, Spectrometers, Detectors and Associated Equipment},
  volume={389},
  number={1-2},
  pages={81--86},
  year={1997},
  publisher={Elsevier}
}
@misc{radware,
  title = {Notes on the use of the program gf3},
  author = {Radford, D.},
  howpublished = {\url{https://radware.phy.ornl.gov/gf3/gf3.html}},
  note = {Accessed: 08/06/2018}
}
@techreport{ptolemy,
  title={Ptolemy, a program for heavy-ion direction-reaction calculations},
  author={Gloeckner, DH and Macfarlane, MH and Pieper, Steven C},
  year={1976},
  institution={Argonne National Lab.}
}

